@article{witwicka_expression_2023,
  title = {Expression of subunits of an insecticide target receptor varies across tissues, life stages, castes, and species of social bees},
  volume = {32},
  url = {https://onlinelibrary.wiley.com/doi/abs/10.1111/mec.16811},
  doi = {10.1111/mec.16811},
  number = {5},
  journal = {Molecular Ecology},
  author = {Witwicka, Alicja and López-Osorio, Federico and Patterson, Valentine and Wurm, Yannick},
  year = {2023},
  pages = {1034--1044},
}

@article{stolle_recurring_2022,
  title = {Recurring adaptive introgression of a supergene variant that determines social organization},
  volume = {13},
  url = {https://www.nature.com/articles/s41467-022-28806-7},
  doi = {10.1038/s41467-022-28806-7},
  number = {1},
  journal = {Nature Communications},
  author = {Stolle, Eckart and Pracana, Rodrigo and López-Osorio, Federico and Priebe, Marian K. and Hernández, Gabriel Luis and Castillo-Carrillo, Claudia and Arias, Maria Cristina and Paris, Carolina Ivon and Bollazzi, Martin and Priyam, Anurag and Wurm, Yannick},
  year = {2022},
  pages = {1180},
}

@article{lopez-osorio_healthy_2020,
  title = {Healthy pollinators: evaluating pesticides with molecular medicine approaches},
  volume = {35},
  url = {https://www.cell.com/trends/ecology-evolution/abstract/S0169-5347(19)30357-X},
  doi = {10.1016/j.tree.2019.12.012},
  number = {5},
  journal = {Trends in Ecology \& Evolution},
  author = {López-Osorio, Federico and Wurm, Yannick},
  year = {2020},
  pages = {380--383},
}

@article{loope_convergent_2017,
  title = {Convergent reversion to single mating in a wasp social parasite},
  volume = {189},
  url = {https://www.journals.uchicago.edu/doi/10.1086/691405},
  doi = {10.1086/691405},
  number = {6},
  journal = {The American Naturalist},
  author = {Loope, Kevin J. and López-Osorio, Federico and Dvořák, Libor},
  year = {2017},
  pages = {E138--E151},
}

@article{lopez-osorio_phylogenomic_2017,
  title = {Phylogenomic analysis of yellowjackets and hornets ({Hymenoptera}: {Vespidae}, {Vespinae})},
  volume = {107},
  url = {https://www.sciencedirect.com/science/article/pii/S1055790316302688},
  doi = {10.1016/j.ympev.2016.10.006},
  journal = {Molecular Phylogenetics and Evolution},
  author = {López-Osorio, Federico and Pickett, Kurt M. and Carpenter, James M. and Ballif, Bryan A. and Agnarsson, Ingi},
  year = {2017},
  pages = {10--15},
}

@article{Perrard2016,
  title = {Phylogeny, landmark analysis and the use of wing venation to study the evolution of social wasps ({Hymenoptera}: {Vespidae}: {Vespinae})},
  volume = {32},
  url = {http://doi.wiley.com/10.1111/cla.12138},
  doi = {10.1111/cla.12138},
  number = {4},
  journal = {Cladistics},
  author = {Perrard, Adrien and López-Osorio, Federico and Carpenter, James M.},
  year = {2016},
  pages = {406--425},
}

@article{Lopez-Osorio2015,
  title = {Phylogenetic tests reject {Emery}'s rule in the evolution of social parasitism in yellowjackets and hornets ({Hymenoptera}: {Vespidae}, {Vespinae})},
  volume = {2},
  url = {http://rsos.royalsocietypublishing.org/content/2/9/150159.abstract},
  doi = {10.1098/rsos.150159},
  number = {9},
  journal = {Royal Society Open Science},
  author = {López-Osorio, Federico and Perrard, Adrien and Pickett, Kurt M. and Carpenter, James M. and Agnarsson, Ingi},
  year = {2015},
  pages = {150159},
}

@article{lopez-osorio_phylogenetic_2014,
  title = {Phylogenetic relationships of yellowjackets inferred from nine loci ({Hymenoptera}: {Vespidae}, {Vespinae}, \textit{Vespula} and \textit{Dolichovespula})},
  volume = {73},
  url = {https://www.sciencedirect.com/science/article/pii/S1055790314000207},
  doi = {10.1016/j.ympev.2014.01.007},
  journal = {Molecular Phylogenetics and Evolution},
  author = {López-Osorio, Federico and Pickett, Kurt M. and Carpenter, James M. and Ballif, Bryan A. and Agnarsson, Ingi},
  year = {2014},
  pages = {190--201},
}

@book{lopez-osorio_emerys_2021,
  title = {Emery’s {Rule}},
  url = {https://doi.org/10.1007/978-3-030-28102-1_42},
  booktitle = {Encyclopedia of {Social} {Insects}},
  publisher = {Springer International Publishing},
  author = {Lopez-Osorio, Federico},
  editor = {Starr, Christopher K.},
  year = {2021},
  doi = {10.1007/978-3-030-28102-1_42},
  pages = {365--368},
}

% @book{else:lim:2010,
%   title = {A Fictional Research},
%   author = {Someone, Else and Lim, Tracy},
%   year = {2010},
%   address = {Somewhere, Some Place}
% }

% @inproceedings{else:lim.init:2010,
%   title = {Another Paper Something Something},
%   booktitle = {Proceedings of the 72nd AmaZing Conference},
%   author = {Someone, Else and Lim, L. T.},
%   year = {2013},
%   address = {Far Far Away}
% }
